@article{acemoglu2001colonial,
  title={The colonial origins of comparative development: An empirical investigation},
  author={Acemoglu, Daron and Johnson, Simon and Robinson, James A},
  journal={American Economic Review},
  volume={91},
  number={5},
  pages={1369--1401},
  year={2001}
}

@article{angrist2001does,
  title={Does teacher training affect pupil learning? Evidence from matched comparisons in Jerusalem public schools},
  author={Angrist, Joshua D and Lavy, Victor},
  journal={Journal of Labor Economics},
  volume={19},
  number={2},
  pages={343--369},
  year={2001}
}

@article{arkhangelsky2021synthetic,
  title={Synthetic difference-in-differences},
  author={Arkhangelsky, Dmitry and Athey, Susan and Hirshberg, David A and Imbens, Guido W and Wager, Stefan},
  journal={American Economic Review},
  volume={111},
  number={12},
  pages={4088--4118},
  year={2021}
}

@article{athey2017state,
  title={The state of applied econometrics: Causality and policy evaluation},
  author={Athey, Susan and Imbens, Guido W},
  journal={Journal of Economic Perspectives},
  volume={31},
  number={2},
  pages={3--32},
  year={2017}
}

@article{athey2018estimation,
  title={Estimation and inference of heterogeneous treatment effects using random forests},
  author={Athey, Susan and Wager, Stefan},
  journal={Journal of the American Statistical Association},
  volume={113},
  number={523},
  pages={1228--1242},
  year={2018}
}

@article{athey2019generalized,
  title={Generalized random forests},
  author={Athey, Susan and Tibshirani, Julie and Wager, Stefan},
  journal={The Annals of Statistics},
  volume={47},
  number={2},
  pages={1148--1178},
  year={2019}
}

@article{athey2021matrix,
  title={Matrix completion methods for causal panel data models},
  author={Athey, Susan and Bayati, Mohsen and Doudchenko, Nikolay and Imbens, Guido and Khosravi, Khashayar},
  journal={Journal of the American Statistical Association},
  volume={116},
  number={536},
  pages={1716--1730},
  year={2021}
}

@article{autor2020importing,
  title={Importing political polarization? The electoral consequences of rising trade exposure},
  author={Autor, David and Dorn, David and Hanson, Gordon and Majlesi, Kaveh},
  journal={American Economic Review},
  volume={110},
  number={10},
  pages={3139--3183},
  year={2020}
}

@article{baker2022much,
  title={How much should we trust staggered difference-in-differences estimates?},
  author={Baker, Andrew C and Larcker, David F and Wang, Charles CY},
  journal={Journal of Financial Economics},
  volume={144},
  number={2},
  pages={370--395},
  year={2022}
}

@article{card1994minimum,
  title={Minimum wages and employment: A case study of the fast-food industry in New Jersey and Pennsylvania},
  author={Card, David and Krueger, Alan B},
  journal={American Economic Review},
  volume={84},
  number={4},
  pages={772--793},
  year={1994}
}

@article{chernozhukov2018double,
  title={Double/debiased machine learning for treatment and structural parameters},
  author={Chernozhukov, Victor and Chetverikov, Denis and Demirer, Mert and Duflo, Esther and Hansen, Christian and Newey, Whitney and Robins, James},
  journal={The Econometrics Journal},
  volume={21},
  number={1},
  pages={C1--C68},
  year={2018}
}

@article{dehejia1999causal,
  title={Causal effects in nonexperimental studies: Reevaluating the evaluation of training programs},
  author={Dehejia, Rajeev H and Wahba, Sadek},
  journal={Journal of the American Statistical Association},
  volume={94},
  number={448},
  pages={1053--1062},
  year={1999}
}

@article{goodman2021difference,
  title={Difference-in-differences with variation in treatment timing},
  author={Goodman-Bacon, Andrew},
  journal={Journal of Econometrics},
  volume={225},
  number={2},
  pages={254--277},
  year={2021}
}

@techreport{heckman2022causality,
  title={Causality and econometrics},
  author={Heckman, James J and Pinto, Rodrigo},
  institution={National Bureau of Economic Research},
  type={Working Paper},
  year={2022}
}